@article{rosenblatt1956,
  title={A central limit theorem and a strong mixing condition},
  author={Rosenblatt, M.},
  journal={Proceedings of the National Academy of Sciences of the United States of America},
  volume={42},
  number={1},
  pages={43},
  year={1956},
  publisher={National Academy of Sciences}
}

@book{hall1969,
  title={The hidden dimension},
  author={Hall, E.T.},
  year={1969},
  publisher={Anchor Books New York}
}

@inproceedings{matthies1988,
  title={Integration of sonar and stereo range data using a grid-based representation},
  author={Matthies, L. and Elfes, A.},
  booktitle={Robotics and Automation, 1988. Proceedings., 1988 IEEE International Conference on},
  pages={727--733},
  year={1988},
  organization={IEEE}
}

@inproceedings{yoda1997,
  title={The mobile robot which passes a man},
  author={Yoda, M. and Shiota, Y.},
  booktitle={Robot and Human Communication, 1997. RO-MAN'97. Proceedings., 6th IEEE International Workshop on},
  pages={112--117},
  year={1997},
  organization={IEEE}
}

@inproceedings{christensen2004,
  title={Navigation for human-robot interaction tasks},
  author={Althaus, P. and Ishiguro, H. and Kanda, T. and Miyashita, T. and Christensen, H.I.},
  booktitle={Robotics and Automation, 2004. Proceedings. ICRA'04. 2004 IEEE International Conference on},
  volume={2},
  pages={1894--1900},
  year={2004},
  organization={IEEE}
}

@inproceedings{christensen2005,
  title={Human-robot embodied interaction in hallway settings: a pilot user study},
  author={Pacchierotti, E. and Christensen, H.I. and Jensfelt, P.},
  booktitle={Robot and Human Interactive Communication, 2005. ROMAN 2005. IEEE International Workshop on},
  pages={164--171},
  year={2005},
  organization={IEEE}
}

@inproceedings{dautenhahn:serveseated,
  title={How may I serve you?: a robot companion approaching a seated person in a helping context},
  author={Dautenhahn, K. and Walters, M. and Woods, S. and Koay, K.L. and Nehaniv, CL and Sisbot, A. and Alami, R. and Sim{\'e}on, T.},
  booktitle={Proceedings of the 1st ACM SIGCHI/SIGART conference on Human-robot interaction},
  pages={172--179},
  year={2006},
  organization={ACM}
}


@article{sisbot2007,
  title={A human aware mobile robot motion planner},
  author={Sisbot, E.A. and Marin-Urias, L.F. and Alami, R. and Simeon, T.},
  journal={Robotics, IEEE Transactions on},
  volume={23},
  number={5},
  pages={874--883},
  year={2007},
  publisher={IEEE}
}

@article{likhachev:costmaps,
  title={Efficiently using cost maps for planning complex maneuvers},
  author={Ferguson, D. and Likhachev, M.},
  journal={Lab Papers (GRASP)},
  pages={20},
  year={2008}
}

@inproceedings{kirby:companion,
  title={Companion: A constraint-optimizing method for person-acceptable navigation},
  author={Kirby, R. and Simmons, R. and Forlizzi, J.},
  booktitle={Robot and Human Interactive Communication, 2009. RO-MAN 2009. The 18th IEEE International Symposium on},
  pages={607--612},
  year={2009},
  organization={IEEE}
}

@inproceedings{amaoka2009modeling,
  title={Modeling the personal space of virtual agents for behavior simulation},
  author={Amaoka, T. and Laga, H. and Nakajima, M.},
  booktitle={CyberWorlds, 2009. CW'09. International Conference on},
  pages={364--370},
  year={2009},
  organization={IEEE}
}



@inproceedings{svenstrup2009,
  title={Pose estimation and adaptive robot behaviour for human-robot interaction},
  author={Svenstrup, M. and Tranberg, S. and Andersen, H.J. and Bak, T.},
  booktitle={Robotics and Automation, 2009. ICRA'09. IEEE International Conference on},
  pages={3571--3576},
  year={2009},
  organization={IEEE}
}



@inproceedings{svenstrup2010,
  title={Trajectory planning for robots in dynamic human environments},
  author={Svenstrup, M. and Bak, T. and Andersen, H.J.},
  booktitle={Intelligent Robots and Systems (IROS), 2010 IEEE/RSJ International Conference on},
  pages={4293--4298},
  year={2010},
  organization={IEEE}
}

@inproceedings{fraichard:anthronav,
  title={An anthropomorphic navigation scheme for dynamic scenarios},
  author={Scandolo, L. and Fraichard, T.},
  booktitle={Robotics and Automation (ICRA), 2011 IEEE International Conference on},
  pages={809--814},
  year={2011},
  organization={IEEE}
}

@inproceedings{sisbot2011,
  title={Planning human-aware motions using a sampling-based costmap planner},
  author={Mainprice, J. and Akin Sisbot, E. and Jaillet, L. and Cort{\'e}s, J. and Alami, R. and Sim{\'e}on, T.},
  booktitle={Robotics and Automation (ICRA), 2011 IEEE International Conference on},
  pages={5012--5017},
  year={2011},
  organization={IEEE}
}

@book{choset:principles,
  title={Principles of robot motion: theory, algorithms, and implementations},
  author={Choset, H. and Lynch, K.M. and Hutchinson, S. and Kantor, G. and Burgard, W. and Kavraki, L.E. and Thrun, S.},
  year={2005},
  publisher={MIT press}
}

@inproceedings{marder:office,
  title={The office marathon: Robust navigation in an indoor office environment},
  author={Marder-Eppstein, E. and Berger, E. and Foote, T. and Gerkey, B. and Konolige, K.},
  booktitle={Robotics and Automation (ICRA), 2010 IEEE International Conference on},
  pages={300--307},
  year={2010},
  organization={IEEE}
}
